@Inbook{Coelho2020,
author="Coelho, Edviges",
editor="Maggino, Filomena",
title="Eurostat Database",
bookTitle="Encyclopedia of Quality of Life and Well-Being Research",
year="2020",
publisher="Springer International Publishing",
address="Cham",
pages="1--2",
isbn="978-3-319-69909-7",
doi="10.1007/978-3-319-69909-7_944-2",
url="https://doi.org/10.1007/978-3-319-69909-7_944-2"
}

