@book{book,
author = {Nichols, Wilmer and O'Rourke, Michael and Vlachopoulos, Charalambos},
year = {2011},
month = {01},
pages = {},
title = {McDonaldâ€™s Blood Flow in Arteries, Sixth Edition: Theoretical, Experimental and Clinical Principles.},
isbn = {9781351253765},
doi = {10.1201/9781351253765}
}