@article{article,
author = {Hinghofer, Helmut},
year = {1986},
month = {01},
pages = {1686-9},
title = {Volume and density changes of biological fluids with temperature},
volume = {59},
journal = {Journal of applied physiology (Bethesda, Md. : 1985)},
doi = {10.1152/jappl.1985.59.6.1686}
}