@article{article,
author = {Canic, Suncica and Kim, Eun Heui},
year = {2003},
month = {09},
pages = {1161 - 1186},
title = {Mathematical analysis of the quasilinear effects in a hyperbolic model blood flow through compliant axi‚Äêsymmetric vessels},
volume = {26},
journal = {Mathematical Methods in the Applied Sciences},
doi = {10.1002/mma.407}
}